@UNPUBLISHED{VeselovLowerKnapsack,
  author  = {С. И. Веселов},
  title   = {Нижняя оценка среднего числа неприводимых и
             крайних точек в  двух  задачах  дискретного программирования},
  note    = {Деп. в ВИНИТИ, 1984, \No \,619--84}
}

@UNPUBLISHED{26,
  author  = {С. И. Веселов and В. Н. Шевченко},
  title   = {О числе экстремальных
             точек квадратной системы линейных неравенств},
  note    = {Деп. в ВИНИТИ, 22.12.1978, \No\,450--79}
}

@BOOK{EKK,
  author     = {В. А. Емеличев and М. М. Ковалев and М. К. Кравцов},
  title      = {Многогранники, графы, оптимизация},
  publisher  = {Наука},
  address    = {Москва},
  year       = 1981
}

@UNPUBLISHED{Charatheodory,
  author  = {А. Ю. Чирков},
  title   = {Теорема Каратеодори и покрытие многогранника симплексами},
  note    = {Деп. в ВИНИТИ 19.03.93., \No\,668-В93}
}

@INPROCEEDINGS{ChirkovMA1,
  author     = {А. Ю. Чирков},
  title      = {О нижней оценке числа вершин выпуклой оболочки
                целочисленных и частично целочисленных точек полиэдра},
  editor     = {В. Е. Алексеев and М. А. Антонец and В. Н. Шевченко},
  booktitle  = {Труды Первой
               Международной конференции "Математические алгоритмы"
               (15--19 августа 1994 г., Нижний Новгород)},
  year       = 1995,
  publisher  = {Изд-во Нижегородского университета},
  address    = {Н.\,Новгород},
  pages      = {128--134}
}

@ARTICLE{ChirkovKorsh,
  author = {А. Ю. Чирков},
  title = {О нижней оценке числа вершин выпуклой оболочки
           целочисленных и частично целочисленных точек полиэдра},
  journal = {Дискретный анализ и исследование операций},
  year = 1996,
  volume = 3,
  number = 2,
  pages = {80--89}}

@INPROCEEDINGS{ChirkovMA2,
  author     = {А. Ю. Чирков},
  title      = {О связи верхних оценок
                числа вершин выпуклой оболочки целочисленных точек полиэдра с
                его метрическими характеристиками},
  editor     = {В. Е. Алексеев and М. А. Антонец and В. Н. Шевченко},
  booktitle  = {Труды Второй международной конференции
               "Математические алгоритмы"},
  year       = 1997,
  publisher  = {Изд-во Нижегородского университета},
  address    = {Н.\,Новгород},
  pages      = {169--174}
}

@UNPUBLISHED{342,
  author  = {А. Ю. Чирков and В. Н. Шевченко},
  title   = {О числе вершин выпуклой оболочки
             пересечения полиэдра с целочисленной решеткой},
  note    = {Деп. в ВИНИТИ 29.07.93., \No\,2165-В93}
}

@UNPUBLISHED{ChirkovLower,
  author  = {А. Ю. Чирков and В. Н. Шевченко},
  title   = {Нижняя оценка числа вершин
             выпуклой оболочки пересечения полиэдра с целочисленной решеткой},
  note    = {Деп. в ВИНИТИ 03.06.94., \No\,1361-В94}
}

@ARTICLE{1981,
  author  = {В. Н. Шевченко},
  title   = {О числе крайних точек в целочисленном программировании},
  journal = {Кибернетика},
  year    = 1981,
  number  = 2,
  pages   = {133--134}
}

@ARTICLE{1984,
  author     = {В. Н. Шевченко},
  title      = {Алгебраический подход в целочисленном программировании},
  journal    = {Кибернетика},
  year       = 1984,
  number     = 4,
  pages      = {36--41}
}


@INPROCEEDINGS{1992,
  author     = {В. Н. Шевченко},
  title      = {Верхние оценки числа крайних точек в
                целочисленном программировании},
  booktitle  = {Математические вопросы кибернетики},
  year       = 1992,
  publisher  = {Наука},
  address    = {Москва},
  pages      = {65--72},
  volume     = 4
}

@BOOK{book,
  author     = {V. N. Shevchenko},
  title      = {Qualitative Topics in Integer Linear Programming},
  publisher  = {AMS},
  address    = {Providens, Rhode Island},
  year       = 1997,
  series     = {Translations of Mathematical Monographs},
  volume     = 156,
}


@ARTICLE{Barany,
  author     = {I. B\'ar\'any and R. Howe and L. Lov\'asz},
  title      = {On  integer points in polyhedra: A lower bound},
  journal    = {Combinatorica},
  year       = 1992,
  volume     = 12,
  number     = 2,
  pages      = {135--142},
}

@ARTICLE{Cook,
  author     = {W. Cook and M. Hartmann and R. Kannan and C. McDiarmid},
  title      = {On integer points  in  polyhedra},
  journal    = {Combinatorica},
  year       = 1992,
  volume     = 12,
  number     = 1,
  pages      = {27--37},
}

@ARTICLE{HayesLarman,
  author     = {A. S. Hayes and D. C. Larman},
  title      = {The vertices of the knapsack polytope},
  journal    = {Discrete Applied Mathematics},
  year       = 1983,
  number     = 6,
  pages      = {135--138},
}

@ARTICLE{Lenstra,
  author     = {H. W. Lenstra},
  title      = {Integer programming  with  a fixed number of variables},
  journal    = {Mathematics of Operations Research},
  year       = 1983,
  volume     = 8,
  number     = 4,
  pages      = {538--548},
}

@ARTICLE{McMullen,
  author     = {P. McMullen},
  title      = {The maximum numbers of faces of a convex polytope},
  journal    = {Mathematika},
  year       = 1970,
  volume     = 17,
  pages      = {179--184},
}

@ARTICLE{Morgan,
  author     = {D. A. Morgan},
  title      = {Upper and lower bound results on
                the convex hull of integer points in polyhedra},
  journal    = {Mathematika},
  year       = 1991,
  volume     = 38,
  pages      = {321--328},
}

@BOOK{Schrijver,
  author     = {A. Schrijver},
  title      = {Theory of linear and integer programming},
  publisher  = {Wiley},
  address    = {Chichester},
  year       = 1986,
}

@INPROCEEDINGS{MRTT53,
  author     = {T.S.~Motzkin and H.~Raiffa and G.L.~Thompson and R.M.~Thrall},
  title      = {The double description method},
  booktitle  = {Contributions to Theory of Games},
  year       = 1953,
  publisher  = {Princeton University Press},
  address    = {Princeton, RI},
  volume     = 2,
  editor     = {H.W. Kuhn and A.W.Tucker},
}

@INPROCEEDINGS{FP96,
  author     = {K.~Fukuda and A.~Prodon},
  title      = {Double description method revisited},
  booktitle  = {Lecture Notes in Computer Science},
  year       = 1996,
  publisher  = {Springer-Verlag},
  editor     = {M.~Deza and R.~Euler and I.~Manoussakis},
  volume     = 1120,
  pages      = {91--111},
  note       = {ps file available from ftp.ifor.math.ethz.ch, directory
  /pub/fukuda/reports}
}

@INPROCEEDINGS{VPSh84,
  author     = {S.I.~Veselov and I.E.~Parubochi\u{\i} and V.N.~Shevchenko},
  title      = {A program for finding the skeleton of the cone of nonnegative solutions
                of a system of linear inequalities},
  booktitle  = {Systems and Applied Programs. Part 2},
  year       = 1984,
  publisher  = {Gorky State University},
  address    = {Gorky},
  pages      = {83--92},
  note       = {Russian}
}

@INPROCEEDINGS{ShCh97,
  author     = {V.N.~Shevchenko and A.Yu.~Chirkov},
  title      = {On complexity of constructing the skeleton of the cone},
  booktitle  = {{X} Russian conference ``{M}athematical programming and applications''},
  year       = 1997,
  publisher  = {Ural department of Russian Academy of Science},
  address    = {Ekaterinburgh},
  pages      = {237},
  note       = {Russian}
}

@INPROCEEDINGS{Zolotykh97,
  author     = {N.Yu.~Zolotykh},
  title      = {Program implementation of {M}otzkin--{B}\"urger algorithm for finding
                the skeleton of a polyhedral cone and its applications},
  booktitle  = {Proceeding of the 2nd International Conference
             ``{M}athematical Algorithms''},
  year       = 1997,
  editor     = {M.A.~Antonets and V.E.~Alekseyev and V.N.~Shevchenko},
  publisher  = {Nizhni Novgorod State University},
  address    = {Nizhni Novgorod},
  pages      = {72--74},
  note       = {Russian}
}


@UNPUBLISHED{Fukuda02,
  author  = {K.~Fukuda},
  title   = {cdd, cddplus and cddlib homepage},
  institution = {McGill University},
  address = {Montreal, Canada},
  year    = {2002},
  note    = {\url{http://www.cs.mcgill.ca/~fukuda/software/cdd home/cdd.html}}
}

@TECHREPORT{Verge92,
  author  = {H.Le.~Verge},
  title   = {A note on {C}hernikova's algorithm},
  institution = {IRISA, Campus de Beaulieu},
  address = {Rennes, France},
  year    = {1992},
  number  = 635,
}

@TECHREPORT{FQ88,
  author  = {F. Fern\'andez and P. Quinton},
  title   = {Extension of {C}hernikova's Algorithm for Solving 
             General Mixed Linear Programming Problems},
  institution = {IRISA},
  address = {Rennes, France},
  year    = {1988},
}

@ARTICLE{Burger56,
  author     = {E. Burger},
  title      = {{\"U}ber homogene lineare Ungleichungssysteme},
  journal    = {Zeitschrift f\"ur Angewandte Mathematik und Mechanik},
  year       = 1956,
  volume     = 36,
  pages      = {135--139},
}

@BOOK{Chernikov68,
  author     = {S.N. Chernikov},
  title      = {Linear inequalities},
  publisher  = {Nauka},
  address    = {Moscow},
  year       = 1968,
  note       = {Russian}
}

@ARTICLE{Chernikova64,
  author     = {N.V. Chernikova},
  title      = {Algorithm for finding a general formula for the
                non-negative solutions of system of linear equations},
  journal    = {U.S.S.R. Computational Mathematics and Mathematical Physics},
  year       = 1964,
  volume     = 4,
  number     = 4,
  pages      = {151--158},
}

@ARTICLE{Chernikova65,
  author     = {N.V. Chernikova},
  title      = {Algorithm for finding a general formula for the
                non-negative solutions of system of linear inequalities},
  journal    = {U.S.S.R. Computational Mathematics and Mathematical Physics},
  year       = 1965,
  volume     = 5,
  number     = 2,
  pages      = {228--233},
}

@ARTICLE{Chernikova68,
  author     = {N.V. Chernikova},
  title      = {Algorithm for discovering the set of all solutions of a
                linear programming problem},
  journal    = {U.S.S.R. Computational Mathematics and Mathematical Physics},
  year       = 1968,
  volume     = 8,
  number     = 6,
  pages      = {282--293},
}

@UNPUBLISHED{Fukuda2004,
  author     = {K. Fukuda},
  title      = {Frequently Asked Questions in Polyhedral Computation},
  institution = {Swiss Federal Institute of Technology},
  address    = {Lausanne and Zurich, Switzerland},
  year       = 2004,
  note       = {\url{http://www.ifor.math.ethz.ch/staff/fukuda/polyfaq/polyfaq.html}},
}

@ARTICLE{ShG2003,
  author     = {V.N. Shevchenko and D.V. Gruzdev},
  title      = {Modification of {F}ourie--{M}otzkin algorithm for constructing
                triangulations},
  journal    = {Discrete Analisys and Operations Research, Series 2},
  year       = 2003,
  volume     = 10,
  number     = 10,
  pages      = {53--64},
  note       = {Russian},
}

@INPROCEEDINGS{Gruzdev2003,
  author     = {D.V. Gruzdev},
  title      = {Experimental comparison of algorithms for constructing
                convex hulls and triangulations},
  booktitle  = {Proceeding of the {XIV} International Workshop ``{S}ynthesys and Complexity
                of Control Systems},
  year       = 2003,
  editor     = {O.B.~Lupanov},
  publisher  = {Nizhni Novgorod Pedagogical University},
  address    = {Nizhni Novgorod},
  pages      = {24--26},
  note       = {Russian}
}


@UNPUBLISHED{Arageli,
  title   = {Arageli: a library for doing exact computation},
  institution = {{U}niversity of {N}izhni {N}ovgorod},
  address = {Nizhni Novgorod, Russia},
  year    = {2006--2010},
  note    = {\url{http://www.arageli.org}}
}


@UNPUBLISHED{Avis,
  author  = {D.~Avis},
  title   = {lrs homepage},
  institution = {McGill University},
  address = {Montreal, Canada},
  note    = {\url{http://cgm.cs.mcgill.ca/~avis/C/lrs.html}}
}

